@misc{ wiki:myrinet,
  author = "Wikipedia",
  title = "Myrinet --- {W}ikipedia{,} The Free Encyclopedia",
  year = "2007",
  howpublished = "\url{http://en.wikipedia.org/w/index.php?title=Myrinet&oldid=175800660}",
  note = "[Online; accessed 10-Jan-2008]"
}

@misc{ wiki:infiniband,
  author = "Wikipedia",
  title = "Infiniband --- {W}ikipedia{,} The Free Encyclopedia",
  year = "2007",
  howpublished = "\url{http://en.wikipedia.org/w/index.php?title=InfiniBand&oldid=179091849}",
  note = "[Online; accessed 10-Jan-2008]"
}

@misc{ wiki:ethernet,
  author = "Wikipedia",
  title = "Gigabit_Ethernet --- {W}ikipedia{,} The Free Encyclopedia",
  year = "2008",
  howpublished = "\url{http://en.wikipedia.org/w/index.php?title=Gigabit_Ethernet&oldid=183485059}",
  note = "[Online; accessed 10-Jan-2008]"
}

@misc{ top500,
  author = "TOP500",
  title = "TOP500 Report for November 2007",
  year = "2007",
  howpublished = "\url{http://top500.org/static/lists/2007/11/top500_statistics.pdf}",
  note = "[Online; accessed 10-Jan-2008]"
}

@misc{ oreilly:infiniband
	author = "Odysseas Pentakalos",
	title = "An Introduction to the InfiniBand Architecture",
	year="2002",
	howpublished = "\url{http://www.oreillynet.com/pub/a/network/2002/02/04/windows.html}",
	note = "[Online; accessed 11-Jan-2008]"

}