@misc{ tldp:howto,
	author = "Kevin Fenzi",
	title = "Linux Security HOWTO",
	year="2004",
	howpublished = "\url{http://tldp.org/HOWTO/Security-HOWTO/}",
	note = "[Online; accessed 04-Apr-2008]"
}

@misc{ bios,
	author = "Unknown",
	title = "Removing a Bios - CMOS Password",
	year = "2000",
	howpublished = "http://www.dewassoc.com/support/bios/bios\_password.htm",
	note = "[Online; accessed 09-Apr-2008]"
}

@misc{ denyhosts,
	author= "Unknown",
	title = "DenyHosts Frequently Asked Questions",
	year = "2008",
	howpublished = "http://denyhosts.sourceforge.net/faq.html",
	note = "[Online; accessed 09-Apr-2008]"

}

@misc{ iptables,
	author= "Oskar Andreasson",
	title = "Iptables Tutorial 1.2.2",
	year = "2006",
	howpublished = "http://iptables-tutorial.frozentux.net/iptables-tutorial.html",
	note = "[Online; accessed 09-Apr-2008]"
	
}

@misc{ sql,
	author= "Various",
	title = "SQL injection",
	year = "2008",
	howpublished = "http://en.wikipedia.org/wiki/SQL\_injection",
	note = "[Online; accessed 09-Apr-2008]"

}

@misc{ csrf,
	author= "Various",
	title = "Cross-site request forgery",
	year = "2008",
	howpublished = "http://en.wikipedia.org/wiki/Cross-site\_request\_forgery",
	note = "[Online; accessed 09-Apr-2008]"

}